@INPROCEEDINGS{A,
author={I. Heitlager and T. Kuipers and J. Visser},
booktitle={6th International Conference on the Quality of Information and Communications Technology (QUATIC 2007)},
title={A Practical Model for Measuring Maintainability},
year={2007},
volume={},
number={},
pages={30-39},
keywords={software maintenance;software quality;practical model;maintainability measurement;software system;technical quality;source code;ISO 9126 model;software product quality;maintainability index;IT management consultancy activities;Software quality;Software maintenance;ISO standards;Communication system software;Software systems;Software testing;IEC standards;Software standards;Communications technology;Software measurement},
doi={10.1109/QUATIC.2007.8},
ISSN={},
month={Sept},}
